%YAML 1.1
%TAG !u! tag:unity3d.com,2011:
--- !u!1 &138774
GameObject:
  m_ObjectHideFlags: 0
  m_PrefabParentObject: {fileID: 0}
  m_PrefabInternal: {fileID: 100100000}
  serializedVersion: 4
  m_Component:
  - 4: {fileID: 484312}
  - 212: {fileID: 21263172}
  - 95: {fileID: 9507074}
  - 61: {fileID: 6136970}
  - 50: {fileID: 5060502}
  - 114: {fileID: 11495682}
  - 122: {fileID: 12204682}
  m_Layer: 0
  m_Name: Knight
  m_TagString: Player
  m_Icon: {fileID: 0}
  m_NavMeshLayer: 0
  m_StaticEditorFlags: 0
  m_IsActive: 1
--- !u!4 &484312
Transform:
  m_ObjectHideFlags: 1
  m_PrefabParentObject: {fileID: 0}
  m_PrefabInternal: {fileID: 100100000}
  m_GameObject: {fileID: 138774}
  m_LocalRotation: {x: 0, y: 0, z: 0, w: 1}
  m_LocalPosition: {x: 2, y: 2, z: 0}
  m_LocalScale: {x: 1, y: 1, z: 1}
  m_Children: []
  m_Father: {fileID: 0}
  m_RootOrder: 0
--- !u!50 &5060502
Rigidbody2D:
  serializedVersion: 2
  m_ObjectHideFlags: 1
  m_PrefabParentObject: {fileID: 0}
  m_PrefabInternal: {fileID: 100100000}
  m_GameObject: {fileID: 138774}
  m_Mass: 1
  m_LinearDrag: 0
  m_AngularDrag: .0500000007
  m_GravityScale: 1
  m_IsKinematic: 1
  m_Interpolate: 0
  m_SleepingMode: 1
  m_CollisionDetection: 0
  m_Constraints: 0
--- !u!61 &6136970
BoxCollider2D:
  m_ObjectHideFlags: 1
  m_PrefabParentObject: {fileID: 0}
  m_PrefabInternal: {fileID: 100100000}
  m_GameObject: {fileID: 138774}
  m_Enabled: 1
  m_Material: {fileID: 0}
  m_IsTrigger: 0
  m_UsedByEffector: 0
  m_Offset: {x: 0, y: 0}
  serializedVersion: 2
  m_Size: {x: .25, y: .25}
--- !u!95 &9507074
Animator:
  serializedVersion: 3
  m_ObjectHideFlags: 1
  m_PrefabParentObject: {fileID: 0}
  m_PrefabInternal: {fileID: 100100000}
  m_GameObject: {fileID: 138774}
  m_Enabled: 1
  m_Avatar: {fileID: 0}
  m_Controller: {fileID: 9100000, guid: 16326d527609e72438f2475d34cc0c5d, type: 2}
  m_CullingMode: 0
  m_UpdateMode: 0
  m_ApplyRootMotion: 1
  m_LinearVelocityBlending: 0
  m_WarningMessage: 
  m_HasTransformHierarchy: 1
  m_AllowConstantClipSamplingOptimization: 1
--- !u!114 &11495682
MonoBehaviour:
  m_ObjectHideFlags: 1
  m_PrefabParentObject: {fileID: 0}
  m_PrefabInternal: {fileID: 100100000}
  m_GameObject: {fileID: 138774}
  m_Enabled: 1
  m_EditorHideFlags: 0
  m_Script: {fileID: 11500000, guid: d2005d6b24a222e4290c4128421fd410, type: 3}
  m_Name: 
  m_EditorClassIdentifier: 
  moveTime: .100000001
  healthText: {fileID: 0}
  movementSound1: {fileID: 8300000, guid: 13ef1ee4268f2ae4d8c4d083083d2cba, type: 3}
  movementSound2: {fileID: 8300000, guid: 9aa971c7e35eac748814cbc4a75938c4, type: 3}
  chopSound1: {fileID: 8300000, guid: f89065f8706fbcd4f89b5ef7a4235753, type: 3}
  chopSound2: {fileID: 8300000, guid: 93126c9ddf6c2674fa3e0389f1583d8e, type: 3}
  fruitSound1: {fileID: 8300000, guid: 6b08144df47537c42aa224190eafd370, type: 3}
  fruitSound2: {fileID: 8300000, guid: 71a49b73c38655d4a8377e4a22f7beb4, type: 3}
  sodaSound1: {fileID: 8300000, guid: 27b42821b2b89f648b9446677a9a460e, type: 3}
  sodaSound2: {fileID: 8300000, guid: 15f5a03ba7e20004ca83dad1b23689d5, type: 3}
  enemeySound1: {fileID: 8300000, guid: 72e33a44600457543812584bcae12892, type: 3}
  enemySound2: {fileID: 8300000, guid: 269606c6e3609254bbb4e6a43ae9f340, type: 3}
  enemySound3: {fileID: 8300000, guid: 72e33a44600457543812584bcae12892, type: 3}
--- !u!122 &12204682
Halo:
  m_ObjectHideFlags: 1
  m_PrefabParentObject: {fileID: 0}
  m_PrefabInternal: {fileID: 100100000}
  m_GameObject: {fileID: 138774}
  m_Enabled: 1
  m_Color:
    serializedVersion: 2
    rgba: 4290647015
  m_Size: 5
--- !u!212 &21263172
SpriteRenderer:
  m_ObjectHideFlags: 1
  m_PrefabParentObject: {fileID: 0}
  m_PrefabInternal: {fileID: 100100000}
  m_GameObject: {fileID: 138774}
  m_Enabled: 1
  m_CastShadows: 0
  m_ReceiveShadows: 0
  m_Materials:
  - {fileID: 10754, guid: 0000000000000000e000000000000000, type: 0}
  m_SubsetIndices: 
  m_StaticBatchRoot: {fileID: 0}
  m_UseLightProbes: 0
  m_ReflectionProbeUsage: 0
  m_ProbeAnchor: {fileID: 0}
  m_ScaleInLightmap: 1
  m_PreserveUVs: 0
  m_ImportantGI: 0
  m_AutoUVMaxDistance: .5
  m_AutoUVMaxAngle: 89
  m_LightmapParameters: {fileID: 0}
  m_SortingLayerID: 1346974401
  m_SortingOrder: 0
  m_Sprite: {fileID: 0}
  m_Color: {r: 1, g: 1, b: 1, a: 1}
--- !u!1001 &100100000
Prefab:
  m_ObjectHideFlags: 1
  serializedVersion: 2
  m_Modification:
    m_TransformParent: {fileID: 0}
    m_Modifications:
    - target: {fileID: 0}
      propertyPath: m_ApplyRootMotion
      value: 1
      objectReference: {fileID: 0}
    - target: {fileID: 0}
      propertyPath: m_Controller
      value: 
      objectReference: {fileID: 9100000, guid: 16326d527609e72438f2475d34cc0c5d, type: 2}
    - target: {fileID: 0}
      propertyPath: m_IsKinematic
      value: 1
      objectReference: {fileID: 0}
    - target: {fileID: 0}
      propertyPath: m_LocalPosition.x
      value: 1
      objectReference: {fileID: 0}
    - target: {fileID: 0}
      propertyPath: m_LocalPosition.y
      value: 1
      objectReference: {fileID: 0}
    - target: {fileID: 0}
      propertyPath: m_IsActive
      value: 1
      objectReference: {fileID: 0}
    - target: {fileID: 0}
      propertyPath: m_TagString
      value: Player
      objectReference: {fileID: 0}
    - target: {fileID: 0}
      propertyPath: m_Color.rgba
      value: 4290647015
      objectReference: {fileID: 0}
    m_RemovedComponents: []
  m_ParentPrefab: {fileID: 0}
  m_RootGameObject: {fileID: 138774}
  m_IsPrefabParent: 1
